@article{allen1998crop,
  title={Crop evapotranspiration-Guidelines for computing crop water requirements-FAO Irrigation and drainage paper 56},
  author={Allen, Richard G and Pereira, Luis S and Raes, Dirk and Smith, Martin and others},
  journal={Fao, Rome},
  volume={300},
  number={9},
  pages={D05109},
  year={1998}
}

@misc{amazon_waters,
   title={Amazon Waters},
   url={https://amazonwaters.org/basins},
   journal={Amazon Waters},
   year={2022},
   author={{Amazon Waters}}
}

@article{berghuijs2020unanswered,
  title={Unanswered questions on the Budyko framework},
  author={Berghuijs, Wouter R and Gnann, Sebastian J and Woods, Ross A},
  journal={Journal of Hydrology},
  volume={265},
  pages={164--177},
  year={2020}
}

@book{brutsaert2005hydrology,
  title={Hydrology: An Introduction},
  author={Brutsaert, Wilfried},
  year={2005},
  publisher={Cambridge University Press}
}

@article{budyko1974climate,
  title={Climate and life},
  author={Budyko, Mikhail Ivanovich},
  journal={(No Title)},
  year={1974}
}

@article{creed2012budyko,
  title={Budyko guide to exploring sustainability of water yields from catchments under changing environmental conditions},
  author={Creed, Irena and Spargo, Adam},
  journal={London, Ontario. http://www. uwo. ca/biology/faculty/creed/PDFs/presentations/PRE116. pdf},
  year={2012}
}

@article{daly2019linking,
  title={Linking parametric and water-balance models of the Budyko and Turc spaces},
  author={Daly, Edoardo and Calabrese, Salvatore and Yin, Jun and Porporato, Amilcare},
  journal={Advances in Water Resources},
  volume={134},
  pages={103435},
  year={2019},
  publisher={Elsevier}
}

@book{dingman2015physical,
  title={Physical Hydrology},
  author={Dingman, S.L.},
  isbn={9781478611189},
  edition={3rd edition},
  year={2015},
  publisher={Waveland Press, Incorporated}
}

@misc{Evaluating_Submarine,
   title={Evaluating Submarine Groundwater Discharge to the Mediterranean Sea by using Radium isotopes},
   url={https://www.researchgate.net/figure/Principal-pathways-for-submarine-groundwater-discharge-to-the-coastal-ocean-including_fig1_274590439},
   journal={Research Gate},
   year={1988},
   author={{Valentí Rodellas}}
}

@book{hillel2003introduction,
  title={Introduction to environmental soil physics},
  author={Hillel, Daniel},
  year={2003},
  publisher={Elsevier}
}

@article{jones2012ecosystem,
  title={Ecosystem processes and human influences regulate streamflow response to climate change at long-term ecological research sites},
  author={Jones, Julia A and Creed, Irena F and Hatcher, Kendra L and Warren, Robert J and Adams, Mary Beth and Benson, Melinda H and Boose, Emery and Brown, Warren A and Campbell, John L and Covich, Alan and others},
  journal={BioScience},
  volume={62},
  number={4},
  pages={390--404},
  year={2012},
  publisher={American Institute of Biological Sciences Circulation, AIBS, 1313 Dolley~…}
}

@article{krajewski2021attempt,
  title={An attempt to decompose the impact of land use and climate change on annual runoff in a small agricultural catchment},
  author={Krajewski, Adam and Sikorska-Senoner, Anna E and Hejduk, Leszek and Banasik, Kazimierz},
  journal={Water Resources Management},
  volume={35},
  number={3},
  pages={881--896},
  year={2021},
  publisher={Springer}
}

@misc{margulis2019introduction,
  title={Introduction to Hydrology. eBook},
  author={Steve Margulis},
  year={2019},
  url={https://margulis-group.github.io/textbook/}
}

@misc{mississippi_river_facts,
   title={Mississippi River Facts},
   url={https://www.nps.gov/miss/riverfacts.htm},
   journal={National Park Service},
   year={2022},
   author={{National Park Service}}
}

@misc{natural_springs,
   title={Natural Springs of Israel: Seven Cool Watering Holes to Visit This Summer},
   url={https://www.haaretz.com/israel-news/travel/seven-cool-natural-springs-of-israel-1.5388627},
   journal={Haaretz},
   year={2015},
   author={{Marty Friedlander}}
}

@misc{phys_org_modeling_choices,
   title={Modeling choices and the effects of water runoff on plant productivity},
   url={https://phys.org/news/2016-08-choices-effects-runoff-productivity.html},
   journal={Phys.org},
   year={2016},
   author={{US Department of Energy}}
}

@misc{phys_org_modeling_choices,
   title={אובך ומערכת גשמים כבדה נוספת},
   url={https://www.melabes.co.il/news/51773},
   journal={melabes},
   year={2020},
   author={{חדשות פתח תקווה}}
}

@article{sposito2017understanding,
  title={Understanding the Budyko equation},
  author={Sposito, Garrison},
  journal={Water},
  volume={9},
  number={4},
  pages={236},
  year={2017},
  publisher={MDPI}
}

@misc{usgs_how_much_water,
   title={How much water is there on earth?},
   url={https://www.usgs.gov/special-topics/water-science-school/science/how-much-water-there-earth},
   journal={U.S. Geological Survey},
   year={2019},
   author={{Water Science School}}
} 

@misc{usgs_distribution_of_water,
   title={The distribution of water on, in, and above the Earth},
   url={https://www.usgs.gov/media/images/distribution-water-and-above-earth},
   journal={U.S. Geological Survey},
   year={2019},
   author={{Water Science School}}
} 

@misc{usgs_natural_water_cycle,
   title={The Natural Water Cycle},
   url={https://www.usgs.gov/media/images/natural-water-cycle-jpg},
   journal={U.S. Geological Survey},
   year={2019},
   author={{Water Science School}}
} 

@misc{usgs_water_cycle,
   title={The Water Cycle},
   url={https://www.usgs.gov/media/images/water-cycle-png},
   journal={U.S. Geological Survey},
   year={2022},
   author={{Water Science School}}
}

@misc{usgs_where_is_earths_water,
   title={Where is Earth's Water?},
   url={https://www.usgs.gov/special-topics/water-science-school/science/where-earths-water},
   journal={U.S. Geological Survey},
   year={2018},
   author={{Water Science School}}
}

@misc{usgs_rain_and_precipitation,
   title={Rain and Precipitation},
   url={https://www.usgs.gov/special-topics/water-science-school/science/rain-and-precipitation},
   journal={U.S. Geological Survey},
   year={2019},
   author={{Water Science School}}
}

@misc{usgs_precipitation_and_the_water_cycle,
   title={Precipitation and the Water Cycle},
   url={https://www.usgs.gov/special-topics/water-science-school/science/precipitation-and-water-cycle},
   journal={U.S. Geological Survey},
   year={2019},
   author={{Water Science School}}
}

@misc{usgs_ice_snow_and_glaciers_and_the_water_cycle,
   title={Ice, Snow, and Glaciers and the Water Cycle},
   url={https://www.usgs.gov/special-topics/water-science-school/science/ice-snow-and-glaciers-and-water-cycle},
   journal={U.S. Geological Survey},
   year={2019},
   author={{Water Science School}}
}

@misc{world_map_AFRICA,
   title={World Map of AFRICA},
   url={https://www.dreamstime.com/world-map-africa-egypt-libya-ethiopia-arabia-mauritania-nigeria-somalia-namibia-tanzania-madagascar-geographic-xxl-chart-image154799901},
   journal={dreamstime},
   year={2022},
   author={{dreamstime}}
}

@misc{Lake_Malawi_1,
   title={Lake Malawi},
   url={https://twitter.com/hallaboutafrica/status/1203419359303159809?s=20&t=SkH17UkWrNcXzIqRF0ic_A},
   journal={Twitter},
   year={2019},
   author={{James Hall}}
}

@misc{Lake_Malawi_1,
   title={Lake Malawi},
   url={https://twitter.com/hallaboutafrica/status/1203419359303159809?s=20&t=SkH17UkWrNcXzIqRF0ic_A},
   journal={Twitter},
   year={2019},
   author={{James Hall}}
}

@misc{Lake_Malawi_2,
   title={A family holiday in Lake Malawi: zen and the art of paddleboarding},
   url={https://twitter.com/hallaboutafrica/status/1203419359303159809?s=20&t=SkH17UkWrNcXzIqRF0ic_A},
   journal={The Telegraph},
   year={2015},
   author={{Fiona Bruce}}
}

@misc{sumagroulx,
   title={Water Infiltration},
   url={http://sumagroulx.com/water-infiltration/},
   journal={Suma Groulx},
   year={2015},
   author={{Suma Groulx}}
}

@book{USDA_NRCS_630,
  title = {Estimation of Direct Runoff from Storm Rainfall},
  author = {United States Department of Agriculture, Natural Resources Conservation Service},
  year = {2004},
  publisher = {United States Department of Agriculture},
  series = {National Engineering Handbook, Part 630 Hydrology, Chapter 10},
  url = {https://directives.sc.egov.usda.gov/OpenNonWebContent.aspx?content=17752.wba}
}


@misc{usgs_Groundwater,
   title={Groundwater is the area underground where openings are full of water},
   url={https://www.usgs.gov/media/images/groundwater-area-underground-where-openings-are-full-water},
   journal={U.S. Geological Survey},
   year={2019},
   author={{Water Science School}}
}

@misc{@modernfarmer,
   title={Even Without a Drought, We’re Depleting Groundwater at an Alarming Pace},
   url={https://modernfarmer.com/2015/07/ogallala-aquifer-depletion/},
   journal={Modern Farmer},
   year={2015},
   author={{Andrew Amelinckx}}
}

@misc{@ogallala1,
   title={High plains fresh groundwater usage 2000},
   url={https://commons.wikimedia.org/wiki/File:High_plains_fresh_groundwater_usage_2000.svg},
   journal={Wikimedia},
   year={2009},
   author={{Kbh3rd}}
}

@misc{@ogallala2,
   title={Ogallala Aquifer},
   url={https://nebraskaeducationonlocation.org/natural-attractions/ogallala-aquifer/},
   journal={Nebraska Education on Location},
   year={2014},
   author={{Natural Attractions}}
}

@misc{usgs_Groundwater_flow,
   title={Conceptual groundwater-flow diagram},
   url={https://www.usgs.gov/media/images/conceptual-groundwater-flow-diagram},
   journal={U.S. Geological Survey},
   year={2019},
   author={{Water Science School}}
}

@misc{usgs_springs,
   title={Water flowing underground can find openings back to the land surface},
   url={https://www.usgs.gov/media/images/water-flowing-underground-can-find-openings-back-land-surface},
   journal={U.S. Geological Survey},
   year={2016},
   author={{Water Science School}}
}

@misc{walsh_lawler,
   title={Rainfall seasonality},
   url={http://leddris.aegean.gr/ses-parameters/293-rainfall-seasonality.html#:~:text=Rainfall%20seasonality%20index%20is%20a,in%20relation%20to%20water%20availability},
   journal={Land and Ecosystem Degradation and Desertification Response information System},
   year={2010},
   author={{leddris}}
}

@article{walsh1981rainfall,
  title={Rainfall seasonality: description, spatial patterns and change through time},
  author={Walsh, RPD and Lawler, DM},
  journal={Weather},
  volume={36},
  number={7},
  pages={201--208},
  year={1981},
  publisher={Wiley Online Library},
  url={https://doi.org/10.1002/j.1477-8696.1981.tb05400.x}
}

@book{ward2003environmental,
  title={Environmental Hydrology},
  author={Ward, Andy D and Trimble, Stanley W},
  year={2003},
  edition={2nd},
  publisher={CRC Press}
}

@misc{What_is_Groundwater,
   title={What is Groundwater?},
   url={https://ecommons.cornell.edu/handle/1813/3408},
   journal={Cornell eCommons},
   year={1988},
   author={{Raymond, Lyle S. Jr.}}
}

@article{zhang2004rational,
  title={A rational function approach for estimating mean annual evapotranspiration},
  author={Zhang, Lu and Hickel, Klaus and Dawes, WR and Chiew, Francis HS and Western, AW and Briggs, PR},
  journal={Water resources research},
  volume={40},
  number={2},
  year={2004},
  publisher={Wiley Online Library}
}